<record><leader>00000cas a2200000 a 4500</leader><controlfield tag="001">7158598</controlfield><controlfield tag="008">810226d18551865nyuwr ne      0    0eng c</controlfield><datafield ind1=" " ind2=" " tag="010"><subfield code="a">sn 83030461 </subfield></datafield><datafield ind1=" " ind2=" " tag="040"><subfield code="a">BTI</subfield><subfield code="b">eng</subfield><subfield code="c">BTI</subfield><subfield code="d">NPU</subfield><subfield code="d">NYG</subfield><subfield code="d">BTI</subfield><subfield code="d">NPX</subfield><subfield code="d">NYG</subfield><subfield code="d">OCL</subfield><subfield code="d">NYS</subfield><subfield code="d">YOX</subfield><subfield code="d">NVF</subfield><subfield code="d">OCL</subfield><subfield code="d">ATL</subfield><subfield code="d">OCLCQ</subfield><subfield code="d">NYS</subfield><subfield code="d">KRTAS</subfield><subfield code="d">OCLCQ</subfield><subfield code="d">OCLCF</subfield><subfield code="d">OCLCO</subfield></datafield><datafield ind1="1" ind2=" " tag="029"><subfield code="a">AU@</subfield><subfield code="b">000020226715</subfield></datafield><datafield ind1=" " ind2=" " tag="042"><subfield code="a">pcc</subfield></datafield><datafield ind1=" " ind2=" " tag="043"><subfield code="a">n-us-ny</subfield></datafield><datafield ind1=" " ind2=" " tag="090"><subfield code="a">BX6201</subfield></datafield><datafield ind1="0" ind2="4" tag="245"><subfield code="a">The Examiner, or, New-York recorder and New-York Baptist register.</subfield></datafield><datafield ind1="3" ind2="0" tag="246"><subfield code="a">New-York recorder and New-York Baptist register</subfield></datafield><datafield ind1="3" ind2="0" tag="246"><subfield code="a">Examiner</subfield></datafield><datafield ind1="1" ind2=" " tag="246"><subfield code="i">Issues for June 21, 1860-Feb. 23, 1865 have title:</subfield><subfield code="a">Examiner, New-York recorder and New-York Baptist register</subfield></datafield><datafield ind1=" " ind2=" " tag="260"><subfield code="a">New-York, N.Y. :</subfield><subfield code="b">Edward Bright and Co.,</subfield><subfield code="c">1855-1865.</subfield></datafield><datafield ind1=" " ind2=" " tag="300"><subfield code="a">10 v. ;</subfield><subfield code="c">66 cm.</subfield></datafield><datafield ind1=" " ind2=" " tag="310"><subfield code="a">Weekly</subfield></datafield><datafield ind1="0" ind2=" " tag="362"><subfield code="a">New ser., [v. 1], no. 1 (June 28, 1855)-new ser., v. 10, no. 37 (Feb. 23, 1865) = whole no. 841-whole no. 1845.</subfield></datafield><datafield ind1=" " ind2=" " tag="500"><subfield code="a">Title from caption.</subfield></datafield><datafield ind1=" " ind2=" " tag="500"><subfield code="a">Publisher: Edward Bright, 1856-1865.</subfield></datafield><datafield ind1=" " ind2=" " tag="500"><subfield code="a">Printer: Thomas A. Pettegrew, 1855-1865.</subfield></datafield><datafield ind1=" " ind2=" " tag="500"><subfield code="a">Editors: Edward Bright, Jr., 1855-1865; Sewall S. Cutting, 1855-1856.</subfield></datafield><datafield ind1=" " ind2=" " tag="515"><subfield code="a">Vol. numbering begins with v. 2, no. 1 (June 26, 1856).</subfield></datafield><datafield ind1=" " ind2=" " tag="515"><subfield code="a">Also called: Register, v. 32, no. 23-v. 37, no. 22; and: Recorder: v. 11, no. 23-v. 16, no. 22.</subfield></datafield><datafield ind1=" " ind2=" " tag="530"><subfield code="a">Also issued on microfilm by American Theological Library Association.</subfield></datafield><datafield ind1=" " ind2=" " tag="580"><subfield code="a">Merged with Chronicle (New York, N.Y.); to form: Examiner and chronicle.</subfield></datafield><datafield ind1=" " ind2="0" tag="650"><subfield code="a">Baptists</subfield><subfield code="z">New York (State)</subfield><subfield code="v">Newspapers.</subfield></datafield><datafield ind1=" " ind2="0" tag="651"><subfield code="a">New York (N.Y.)</subfield><subfield code="v">Newspapers.</subfield></datafield><datafield ind1=" " ind2="0" tag="651"><subfield code="a">New York County (N.Y.)</subfield><subfield code="v">Newspapers.</subfield></datafield><datafield ind1=" " ind2="7" tag="655"><subfield code="a">Newspapers.</subfield><subfield code="2">fast</subfield><subfield code="0">(OCoLC)fst01423814</subfield></datafield><datafield ind1=" " ind2="7" tag="650"><subfield code="a">Baptists.</subfield><subfield code="2">fast</subfield><subfield code="0">(OCoLC)fst00827285</subfield></datafield><datafield ind1=" " ind2="7" tag="651"><subfield code="a">New York (State)</subfield><subfield code="2">fast</subfield><subfield code="0">(OCoLC)fst01210280</subfield></datafield><datafield ind1=" " ind2="7" tag="651"><subfield code="a">New York (State)</subfield><subfield code="z">New York.</subfield><subfield code="2">fast</subfield><subfield code="0">(OCoLC)fst01204333</subfield></datafield><datafield ind1=" " ind2="7" tag="651"><subfield code="a">New York (State)</subfield><subfield code="z">New York County.</subfield><subfield code="2">fast</subfield><subfield code="0">(OCoLC)fst01234953</subfield></datafield><datafield ind1=" " ind2=" " tag="752"><subfield code="a">United States</subfield><subfield code="b">New York</subfield><subfield code="c">New York</subfield><subfield code="d">New York.</subfield></datafield><datafield ind1="1" ind2=" " tag="776"><subfield code="c">Microfilm</subfield><subfield code="d">American Theological Library Association</subfield><subfield code="w">(DLC)  2001221633</subfield><subfield code="w">(OCoLC)9653900</subfield></datafield><datafield ind1="0" ind2="0" tag="780"><subfield code="t">New-York recorder &amp; register</subfield><subfield code="w">(DLC)sn 86053272</subfield><subfield code="w">(OCoLC)13392566</subfield></datafield><datafield ind1="1" ind2="7" tag="785"><subfield code="t">Chronicle (New York, N.Y.)</subfield><subfield code="w">(DLC)sn 87060225</subfield><subfield code="w">(OCoLC)15633291</subfield></datafield><datafield ind1="1" ind2="7" tag="785"><subfield code="t">Examiner and chronicle</subfield><subfield code="w">(DLC)sn 83030458</subfield><subfield code="w">(OCoLC)7156975</subfield></datafield><datafield ind1=" " ind2=" " tag="938"><subfield code="a">Kirtas Technologies, Inc.</subfield><subfield code="b">KRTS</subfield><subfield code="n">735872</subfield></datafield></record>